% References go here. If we actually use them
