% References go here. If we actually use them.

% Note that we need at least one reference or the existence of this will make bibtex angry and break other random parts of the pdf.

@misc {committee,
	title = "Committee",
	author = "ACC Murphy",
	howpublished = "\url{http://www.ucc.asn.au/infobase/committee}"
}
